%% This BibTeX bibliography file was created using BibDesk.
%% http://bibdesk.sourceforge.net/

%% Created for David Roe at 2022-05-27 14:39:07 -0700 


%% Saved with string encoding Unicode (UTF-8) 


@Article{krasner:37,
 Author = {Krasner, M.},
 Title = {Sur la primitivit{\'e} des corps {{\(p\)}}-adiques},
 FJournal = {Mathematica},
 Journal = {Mathematica, Cluj},
 Volume = {13},
 Pages = {72--191},
 Year = {1937},
 Language = {French},
 Keywords = {11S15},
 zbMATH = {3029122},
 Zbl = {0018.20202}
}

@article{monge:14a,
	Author = {Maurizio Monge},
	Date-Added = {2022-05-27 21:37:33 +0000},
	Date-Modified = {2022-05-27 21:39:02 +0000},
	Journal = {J. de Theorie de Nombres de Bordeaux},
	Number = {1},
	Pages = {201--231},
	Title = {A characterization of Eisenstein polynomials generating extensions of degree $p^2$ and cyclic of degree $p^3$ over an unramified $\mathfrak{p}$-adic field},
	Volume = {26},
	Year = {2014}}
